<?xml version="1.0" encoding="UTF-8"?><collection xmlns="http://www.loc.gov/MARC21/slim"><record><leader>00415nam--2200133-i-4500</leader><controlfield tag="001">000013715</controlfield><controlfield tag="002">20161230</controlfield><controlfield tag="005">20161230201030</controlfield><controlfield tag="008">060222s1000------------r-----000-0-eng-d</controlfield><datafield ind1=" " ind2=" " tag="100"><subfield code="a">Cantor, Charles R.And Schimmel, Paul R</subfield></datafield><datafield ind1=" " ind2=" " tag="245"><subfield code="a">Biophysical chemistry. vol.3: the behavior of biological macromolecul es</subfield></datafield><datafield ind1=" " ind2=" " tag="260"><subfield code="a">San Francisco, W.H.Freeman And Comp., 1980</subfield></datafield><datafield ind1=" " ind2=" " tag="490"><subfield code="a">Xxix + 849-1371 P. + Dif</subfield></datafield><datafield ind1=" " ind2=" " tag="852"><subfield code="a">577.3</subfield></datafield></record></collection>